@book{DBLP:books/daglib/0023376,
  author       = {Thomas H. Cormen and
                  Charles E. Leiserson and
                  Ronald L. Rivest and
                  Clifford Stein},
  title        = {Introduction to Algorithms, 3rd Edition},
  publisher    = {{MIT} Press},
  year         = {2009},
  url          = {http://mitpress.mit.edu/books/introduction-algorithms},
  isbn         = {978-0-262-03384-8},
  timestamp    = {Mon, 17 Aug 2020 11:36:12 +0200},
  biburl       = {https://dblp.org/rec/books/daglib/0023376.bib},
  bibsource    = {dblp computer science bibliography, https://dblp.org}
}

